<?xml version="1.0" encoding="UTF-8"?><collection xmlns="http://www.loc.gov/MARC21/slim"><record><leader>00505nam--2200145-i-4500</leader><controlfield tag="001">000048071</controlfield><controlfield tag="002">20161230</controlfield><controlfield tag="005">20161230201046</controlfield><controlfield tag="008">060222s1000------------r-----000-0-eng-d</controlfield><datafield ind1=" " ind2=" " tag="080"><subfield code="a">517.927.25:517.983.28(043)</subfield></datafield><datafield ind1=" " ind2=" " tag="100"><subfield code="a">Kharrat, Bachir Nour</subfield></datafield><datafield ind1=" " ind2=" " tag="245"><subfield code="a">Contribution a l`application des methodes des perturbations dans la resolution des problemes aux valeurs propres. these</subfield></datafield><datafield ind1=" " ind2=" " tag="260"><subfield code="a">Paris, Faculte Des Sciences Et De Techniques, 1979, 115p</subfield></datafield><datafield ind1=" " ind2=" " tag="852"><subfield code="a">49745</subfield><subfield code="c">517.9</subfield></datafield><datafield ind1=" " ind2=" " tag="CAT"><subfield code="a">Sys</subfield><subfield code="c">20090325</subfield><subfield code="h">121839</subfield></datafield></record></collection>